2730 3756
520 242 618 340 ‚38
741 256 743 258 ,
1333 270 1607 299 ...-

468 415 622 463 verba
649 424 1015 463 commentatus
1051 407 1234 458 Daniel
1263 408 1486 460 Farlatus
1522 411 1582 454 T.
1612 411 1651 455 Ι.
1724 404 1912 476 Illyrici
1965 416 2098 466 Sacri
2153 433 2201 483 p.
2262 425 2382 480 481.
2443 418 2506 465 in·

469 510 599 557 Not..
634 508 738 554 haec
777 505 967 554 scribit:
1037 503 1381 563 „BIACIVM
1424 498 1686 548 Dalmatiae
1727 504 1969 567 oppidum
2021 521 2288 571 pervetus,
2324 509 2479 555 idem·

474 611 575 662 que
606 591 956 642 nobilissimum
983 590 1080 640 fuit
1115 620 1186 631 —
1220 619 1291 631 -
1323 618 1395 632 -
1430 590 1574 638 fitum
1617 589 1847 640 Salonam
1889 596 2052 655 inter,
2083 597 2159 649 &⁷
2188 600 2492 662 Tragurium

470 713 542 728 .-
576 713 647 725 -
713 688 825 730 Nec
863 669 1075 731 BIACII
1126 699 1316 732 nomen
1345 683 1479 748 apud
1534 685 1811 749 Scriptores
1857 686 2052 751 prorsus
2094 687 2352 751 exolevit,
2410 704 2495 737 ne-

473 792 572 842 que
597 776 666 824 ibi
694 773 873 823 desunt
902 778 1054 840 regiae
1084 773 1474 840 magnificentiae
1498 772 1720 839 vestigia.
1746 786 1829 818 ‘···-
1865 805 1936 817 -
1972 780 2092 843 Ejus
2118 781 2263 843 origo
2291 757 2505 829 incom->

470 882 610 934 perta
649 866 750 930 est,
790 883 847 917 ac
879 869 1019 915 omni
1049 868 1290 915 memoria
1313 863 1570 914 vetustior.
1589 871 1626 898 (ί
1823 858 1826 860 ’
2398 927 2401 930 ⁴

726 961 913 1006 Verum
941 959 1182 1024 opinione
1219 954 1423 1007 Eckhelii
1447 990 1463 1018 ,
1500 959 1555 1005 in
1591 945 1803 1006 barbaris
1829 939 2006 1007 harum
2037 961 2494 1013 terrarumNumis

466 1049 779 1115 Regulorum
810 1052 1013 1116 potius,
1055 1066 1205 1116 quam
1230 1050 1444 1097 Urbium
1470 1051 1677 1098 nomina
1714 1053 2014 1111 occurrere,
2052 1049 2369 1098 verifimilius
2406 1047 2488 1098 estss

469 1143 737 1194 Pellerinius
782 1157 991 1208 quoque
1039 1143 1299 1190 arbitratur
1351 1145 1606 1190 BIATEC
1653 1141 1750 1189 effe
1803 1141 2015 1210 Reguli,
2067 1155 2197 1190 utut*
2225 1158 2331 1190 non
2388 1143 2484 1190 rite

467 1232 739 1299 Hispanici.
818 1233 966 1279 Guod
1000 1233 1062 1280 ad
1107 1245 1301 1280 aetatem
1342 1233 1526 1280 horum
1565 1234 1939 1282 Numismatum
1986 1236 2165 1290 attinet
2179 1250 2195 1289 3
2248 1247 2488 1299 argentea

467 1323 584 1386 illa,
623 1328 675 1372 in
721 1340 935 1390 quorum
984 1325 1148 1372 antica
1189 1323 1604 1389 repraesentantur
1641 1325 1744 1372 duo
1773 1314 1935 1391 capita
1958 1326 2161 1390 jugata,
2199 1328 2484 1378 imitatione

468 1416 703 1479 illorum,
746 1431 858 1483 quae
897 1419 949 1464 in
981 1407 1200 1465 romanis
1233 1416 1449 1464 denariis
1495 1415 1652 1484 Fufii,
1695 1415 1748 1464 δε
1784 1416 1939 1474 Mucii
1984 1404 2291 1480 occurrunt,
2343 1419 2479 1468 sunt-

419 1490 429 1573 ’ἡ
470 1525 571 1575 que
604 1508 841 1568 Honoris,
884 1506 933 1554 &
964 1507 1202 1568 Virtutis,
1244 1505 1529 1573 exsculpta,
1580 1523 1684 1556 non
1730 1520 1965 1574 poterant
2003 1521 2119 1558 ante
2159 1525 2344 1559 annum
2391 1513 2486 1559 Ur·
2536 1527 2541 1533 ·

471 1599 543 1646 bis
581 1599 795 1657 conditae
833 1600 1098 1647 DCCXIV.
1143 1603 1298 1661 (ante
1333 1598 1449 1646 Chr.
1478 1600 1614 1660 XL.)
1659 1614 1720 1646 ex
1745 1597 1971 1648 officinis
2008 1602 2223 1650 barbaris
2259 1602 2485 1667 prodire,

420 1745 427 1747 ξ
471 1694 588 1757 quia
614 1690 781 1739 Fufius
822 1690 1034 1739 Calenus
1059 1725 1074 1752 ,
1117 1689 1166 1737 &
1190 1692 1392 1738 Mucius
1429 1671 1620 1738 Cordus
1651 1703 1758 1738 turn
1804 1692 2018 1757 primum
2056 1692 2222 1740 aediles
2259 1709 2316 1741 ac
2358 1697 2483 1742 Prae-

466 1782 590 1833 fecii
616 1782 898 1831 monetales
921 1787 1092 1831 Romae
1126 1780 1341 1830 fuerant.
1413 1785 1651 1831 Poterant
1687 1797 1809 1831 vero
1842 1782 2010 1849 paullo
2051 1783 2199 1832 serius
2246 1786 2481 1852 procudi,

468 1888 573 1940 quo
611 1885 794 1937 nempe
821 1882 1048 1937 ternpore
1087 1872 1188 1919 duo
1228 1871 1433 1922 Batones
1469 1871 1776 1934 regnabant,
1816 1857 1947 1921 unus
1991 1875 2125 1938 apud
2161 1878 2389 1922 Breucos
2429 1877 2483 1922 in

462 1964 722 2014 Pannonia
751 1963 896 2010 Savia
919 1995 934 2022 ,
977 1958 1099 2011 alter
1134 1961 1266 2025 apud
1292 1960 1560 2025 Dyfitiates
1593 1959 1853 2009 Dalmatiae
1893 1962 2164 2028 populum,
2206 1981 2267 2012 ex
2329 1966 2489 2029 Histo-

460 2058 533 2104 ria
565 2047 789 2103 romana¹
822 2048 1072 2101 notiffimi.
1163 2054 1316 2098 Forte
1367 2052 1524 2114 igitur
1573 2051 1774 2098 barbara
1825 2054 1929 2113 haec
1979 2056 2195 2116 pecunia
2237 2055 2473 2107 Batonum

463 2148 563 2197 fuit
592 2149 825 2213 propria,
869 2141 920 2192 &
961 2142 1213 2194 Celticum
1242 2144 1494 2190 BIATEC
1539 2140 1842 2189 vocabulum
1891 2142 2059 2204 idem,
2107 2147 2248 2211 quod
2287 2151 2472 2202 exteris

460 2237 796 2301 scriptoribus
836 2234 1030 2294 latinis,
1111 2234 1387 2296 graecisque
1444 2231 1568 2280 Bato
1607 2230 1915 2294 significavit.
2008 2234 2210 2284 Constat
2259 2236 2489 2290 Batonem

463 2330 781 2380 Pannonium
810 2326 860 2374 ὅ(
889 2321 1099 2375 alterum
1125 2323 1407 2373 Dalmatam
1432 2359 1447 2386 ,
1489 2337 1758 2390 antequam
1793 2326 1874 2373 hic
1904 2324 2044 2373 illum
2095 2330 2347 2392 proderet,
2377 2335 2492 2396 jun-

466 2422 557 2474 &is
586 2421 895 2487 aliquamdiu
926 2420 1116 2467 viribus
1147 2415 1381 2465 adversus
1406 2419 1658 2464 Romanos
1690 2415 1988 2473 decertaffe3
2026 2420 2162 2466 unde
2191 2423 2480 2487 conjectare

462 2511 613 2574 licet,
652 2514 757 2578 ejus
802 2509 1176 2576 conjunctionis
1209 2506 1404 2556 causam
1443 2506 1615 2570 fuiss‘e,
1655 2524 1742 2556 cur
1777 2508 1947 2574 aliqua
1982 2511 2163 2557 horum
2201 2515 2488 2562 Numisma-

463 2617 572 2653 tum
598 2604 738 2651 idem
766 2602 1019 2652 BIATEC
1057 2614 1246 2648 nomen
1294 2601 1529 2664 utrinque
1562 2597 1838 2665 expressum
1899 2600 2149 2662 habeant,
2205 2615 2261 2649 ut
2313 2606 2489 2654 videre

465 2694 533 2743 est
559 2697 611 2742 in
638 2709 729 2753 eo,
772 2692 911 2758 quod
947 2694 1015 2739 N.
1042 2704 1088 2754 3.
1120 2688 1412 2750 retulimus,
1450 2705 1507 2738 ac
1532 2689 1889 2755 descripsimus.
1962 2693 2230 2739 Numisma
2276 2689 2374 2742 hoc
2413 2710 2494 2742 ce.-
2569 2675 2571 2677 ¹

462 2787 580 2834 teris
612 2786 771 2832 rarius
795 2793 970 2848 praeter
1011 2779 1132 2829 alios
1172 2783 1324 2829 etiam
1353 2778 1424 2828 Cl.
1454 2783 1724 2828 Neumann
1759 2781 1916 2827 edidit
1941 2781 1994 2827 in
2034 2780 2278 2851 perdocto
2330 2767 2514 2849 opere*x
2564 2822 2566 2824 >

460 2877 522 2923 de
567 2875 740 2940 Numis
769 2872 880 2940 Pop.
923 2871 983 2921 θ’
1024 2871 1141 2941 Reg.
1168 2871 1219 2924 P.
1260 2871 1294 2920 I.
1342 2887 1390 2936 p.
1434 2885 1550 2934 140.
1628 2870 1774 2917 euod
1818 2885 1979 2918 unum
2032 2887 2148 2919 cum
2197 2872 2309 2921 aliis
2350 2877 2486 2923 BIA-

459 2967 590 3011 TEC
629 2963 818 3028 scriptis
859 2974 916 3008 ut
963 2959 1057 3009 effe
1099 2976 1203 3009 non
1228 2961 1490 3020 Graecum,
1530 2958 1614 3008 vel
1642 2958 1993 3025 Hispanicum,
2035 2960 2117 3010 sed
2152 2961 2311 3028 reipsa
2347 2968 2485 3035 Pan-s

461 3056 704 3105 nonicum
744 3053 1057 3115 ostenderet,
1111 3055 1202 3103 hac
1240 3044 1675 3105 animadverfione
1722 3051 2013 3104 illustravit:
2105 3041 2444 3118 „Singularis
2471 3091 2488 3118 ‚

2204 3147 2411 3214 inquit,
2472 3155 2475 3157 ’
