2684 3568
497 206 599 266 328
1300 185 1556 265 “““““,““

427 339 671 390 consueto
695 374 711 401 ,
753 337 802 384 &
843 333 984 384 solito
1021 314 1183 395 fusae,¹
1220 346 1374 401 atque
1414 331 1604 400 masiis,
1643 333 1699 395 a)
1741 333 1952 383 cudatur
1987 347 2051 388 ex
2100 334 2172 386 eis
2204 345 2448 400 moneta,⁴

426 434 568 498 cujus
604 428 814 495 quidem
851 437 1066 475 monetae
1103 428 1298 478 trecenti
1343 426 1640 497 septuaginta
1691 428 1892 495 quinque
1925 427 2111 481 denarii
2153 431 2437 496 ponderent

427 540 574 573 unam
603 536 817 572 marcam
839 553 855 582 ,
897 518 948 567 ὅ(
986 518 1226 586 quaelibet
1262 533 1426 569 marca
1449 519 1770 568 denariorum
1806 521 1859 567 in
1896 519 2004 592 lega
2043 526 2302 574 contineat
2317 523 2438 593 pefi-

424 629 500 669 tas
533 613 764 666 duodecim
787 611 890 681 fini
923 616 1146 685 argenti,
1184 611 1242 675 b)
1281 609 1364 661 vel
1401 609 1569 660 saltem
1605 611 1828 664 medium
1838 614 2051 683 quartale
2083 614 2193 680 plue
2236 618 2321 666 de
2332 633 2437 667 uno

412 708 599 776 peseto,
636 703 722 754 vel
762 706 945 754 minus.
982 710 1030 769 c)
1068 704 1309 753 Similiter
1341 702 1392 752 ὅ(
1426 718 1528 753 una
1556 719 1719 754 marca
1759 707 2034 756 excedatur
2064 707 2316 758 denariis
2315 723 2439 776 qua·

425 811 572 859 tuor,
604 794 693 846 vel
735 798 964 865 quinque
997 797 1058 846 ad
1100 798 1284 862 maju5‚
1323 796 1381 860 d)
1424 797 1487 845 de
1537 811 1638 864 qua
1675 812 1878 847 moneta
1921 798 2107 850 ducenti
2151 799 2332 852 denarii
2358 810 2444 851 va-

424 887 562 938 leant
597 906 743 940 unum
763 890 995 959 florenum
1031 892 1148 940 auri.
1187 893 1234 951 e)
1293 891 1408 938 Cui
1437 889 1626 938 cufioni
1657 899 1874 938 monetae
1914 888 2017 954 ipsa
2058 892 2246 940 Civitas
2278 890 2474 942 nostra·-

429 980 700 1045 diligenter
737 981 1035 1045 provideat,
1077 979 1128 1028 &
1164 981 1253 1028 ubi
1291 962 1479 1030 direste
1510 981 1769 1047 probatam
1800 982 2106 1044 *inveneritf
2130 994 2253 1031 tunc
2277 981 2443 1032 valeat

425 1071 866 1138 ipsam>monetam
903 1074 959 1120 in
1007 1087 1334 1120 communem
1382 1071 1527 1120 usum
1569 1072 1845 1122 exn-adare.
1918 1056 2111 1121 Harum
2164 1072 2447 1122 nostrarum

425 1165 640 1229 vigore,
681 1162 736 1212 &
766 1162 1049 1212 testimonio
1086 1166 1367 1213 Literarum
1403 1160 1675 1235 mediante.
1712 1167 1913 1214 Datum.
1943 1167 2095 1213 Budae
2126 1166 2268 1215 Feria
2298 1168 2456 1232 quim·

426 1270 476 1304 ta
513 1257 741 1321 proxima
778 1255 886 1320 post
917 1255 1116 1304 Festum
1157 1258 1218 1305 ad
1253 1255 1464 1308 Vincula
1502 1258 1635 1305 beati
1670 1258 1805 1304 Petri
1841 1255 2104 1320 Apostoli,
2142 1261 2298 1307 Anno
2337 1258 2460 1308 Db:
2528 1261 2532 1263 ’
2595 1224 2601 1227 ⁴

427 1349 551 1397 mini
591 1346 859 1395 Millefimo
899 1349 1384 1413 quadringentesimo
1418 1330 1832 1414 quinquagesimo
1869 1348 2124 1398 o&avo.“
2156 1392 2160 1394 .
2279 1400 2281 1402 .

685 1437 829 1487 Alias
869 1440 1094 1503 ejusdem
1125 1442 1279 1504 Regis
1321 1438 1524 1501 Mathiae
1559 1441 1781 1501 Literas,
1821 1442 2006 1506 quibus
2046 1442 2205 1507 hujus*
2232 1455 2459 1492 monete.

428 1532 624 1601 vilioris
662 1516 1102 1596 acceptationem,
1140 1532 1403 1598 usumque⁴
1425 1530 1683 1598 publicum
1713 1534 1765 1580 in
1806 1532 1980 1583 valore
2016 1533 2317 1603 ,praeseripto
2357 1535 2446 1584 de·

428 1626 667 1686 mandat,
710 1603 869 1671 editas
903 1623 1027 1670 vide
1066 1624 1198 1688 apud
1237 1623 1287 1673 P.
1326 1622 1564 1692 Kaprinay
1600 1623 1894 1691 ffist.1)ip1.
1926 1629 1978 1674 P.
2013 1626 2078 1672 11.
2119 1642 2167 1690 p.
2205 1635 2319 1686 χες»

685 1718 760 1764 Ut
803 1728 971 1763 autem
1011 1713 1094 1763 illa
1131 1713 1421 1780 tempestate
1469 1728 1687 1764 monetae
1730 1731 1793 1764 ex
1828 1708 1969 1764 ‘tam-
1998 1714 2094 1764 vili
2138 1729 2350 1783 argento
2385 1719 2442 1768 in

430 1811 696 1875 Hungaria
748 1809 1092 1871 cuderentur,
1161 1809 1474 1861 occasionem
1519 1806 1839 1877 praebuerunt
1887 1813 2014 1875 Imp.
2050 1807 2324 1862 Fridericus
2356 1811 2445 1865 ΙΙΙ.

2173 1934 2208 1964 ,,
2226 1906 2382 1953 Anno

498 2041 550 2107 a)
586 2044 781 2102 Musas,
815 2042 863 2088 id
898 2039 986 2100 est,
1021 2038 1302 2097 immutatas,
1341 2035 1546 2085 alteratas
1568 2073 1581 2096 ‚
1621 2055 1672 2084 ex
1707 2034 1963 2102 hungarico
1992 2033 2248 2092 Ma'solom.
2272 2035 2451 2100 Argen-

562 2135 659 2171 mm
691 2121 754 2167 ita
787 2136 932 2184 cupro
962 2130 1231 2183 corruptum
1258 2116 1401 2164 hodie
1427 2130 1618 2163 vocatur
1649 2122 1790 2179 germ.
1832 2130 1872 2170 4.
1914 2112 2070 2174 lothig
2090 2148 2103 2170 ,
2142 2111 2223 2159 seu
2254 2124 2454 2185 quataor

563 2197 836 2261 lutherium,
872 2210 947 2242 aut
980 2197 1136 2258 quarti
1159 2194 1349 2254 gradus.

563 2270 610 2335 b)
651 2271 812 2333 Pesita
837 2269 922 2318 fuit
953 2270 1084 2318 unius
1118 2269 1258 2317 unciae
1283 2269 1494 2330 sextula,
1531 2270 1606 2315 seu
1635 2267 1799 2313 Marcae
1834 2279 1939 2329 pars
1973 2264 2312 2328 quadragesima
2331 2267 2450 2314 oila-

563 2366 634 2399 να.
702 2351 757 2396 Id
794 2350 919 2414 quod
955 2348 1124 2395 eruitur
1158 2365 1211 2394 ex
1256 2349 1348 2394 hoc
1382 2346 1484 2410 ipso
1533 2343 1674 2391 Ediai
1717 2342 1981 2390 Corviniani
2013 2342 2151 2402 loco,
2198 2360 2292 2409 quo
2341 2362 2454 2408 prae-

569 2428 803 2486 smibstur,
842 2441 890 2474 ut
916 2443 1069 2472 marca
1094 2424 1250 2476 talium
1276 2423 1597 2479 denariorum,
1636 2420 1799 2485 quibus
1827 2435 1998 2467 tantum
2029 2435 2187 2485 quarta
2210 2437 2314 2485 pars
2342 2420 2452 2486 puri

570 2506 747 2570 argenti
783 2505 922 2553 ineffe
959 2505 1148 2561 debeat,
1193 2502 1371 2565 pesetas
1417 2499 1654 2561 duodecim
1681 2498 1781 2559 fini
1820 2502 2008 2560 argenti
2041 2500 2308 2558 contineat;
2340 2515 2447 2546 nam

571 2597 730 2648 quater
763 2582 959 2629 duodeci
951 2600 1008 2627 ιιι
1046 2580 1214 2628 faciunt
1250 2577 1549 2645 quadraginta
1583 2578 1696 2624 οᾶο.

507 2659 553 2726 c)
591 2660 695 2707 Hoc
738 2660 862 2723 apud
909 2657 1193 2707 Monetarios
1238 2670 1430 2705 vocatur
1464 2656 1748 2703 Remedium
1788 2656 1950 2715 Legis,
1987 2650 2127 2717 vulgo
2164 2654 2322 2715 Librae,
2358 2671 2449 2719 quo

572 2738 803 2786 excusatur
842 2736 1125 2785 Monetarius
1162 2732 1196 2781 fi
1230 2734 1346 2783 forte
1377 2752 1404 2782 a
1426 2733 1686 2799 praescripta
1721 2730 1938 2778 miscendi
1973 2747 2076 2777 cum
2112 2747 2256 2794 cupro
2293 2749 2458 2797 argen-

571 2816 603 2861 ti
639 2816 884 2879 quantitate
921 2811 1145 2860 tantillum
1180 2811 1451 2859 aberravit.{

513 2894 562 2943 d)
600 2892 720 2940 Istud
758 2893 957 2958 pertinet
989 2893 1055 2940 ad
1083 2891 1350 2939 Remedium
1374 2889 1609 2955 ponderis.

516 2971 557 3035 e)
596 2971 674 3018 Uri
710 2971 785 3018 sub
824 2973 1042 3018 Ladislao
1075 2970 1323 3033 Posthumo
1342 3005 1355 3027 ,
1389 2967 1515 3030 cujus
1541 2981 1689 3013 tamen
1728 2964 1925 3012 denariis
1962 2961 2151 3011 alterum
2184 2975 2352 3009 tantum
2379 2962 2460 3014 sin-

583 3062 677 3095 erat
709 3050 895 3113 argenti.
