2730 3756
555 254 623 306 86
883 304 890 309 .
1190 237 1627 306 *¹¹-

485 384 530 433 sa
549 387 742 435 Numis
787 382 937 434 etiam
965 378 1251 433 vicinorum
1279 370 1603 444 populorum,
1622 375 1928 444 byzantinis}
1960 372 2280 448 germanicis,
2304 381 2502 445 italicis,

484 479 765 528 bohemicis
823 480 1089 539 Hungaros
1133 471 1231 537 jam
1268 483 1378 518 tum
1427 469 1543 519 usos
1582 468 1758 533 fuisse,
1796 471 2021 522 Annales
2054 475 2313 525 domestici
2338 477 2504 540 juxta,

482 591 540 625 ac
570 578 748 636 exteri,
783 571 943 638 palam
976 569 1188 620 faciunt.
1254 571 1510 619 Novimus
1533 604 1549 631 ‚
1586 572 1859 635 Hungaros
1899 567 2113 624 vinitores
2143 590 2367 624 annuum
2395 573 2506 622 auri

481 669 727 717 tributum
782 681 809 713 a
844 665 1123 714 Germaniae
1172 665 1390 728 Regibus
1439 660 1687 727 exegisse,
1745 662 1795 711 &
1838 653 2063 726 Italiam,
2130 664 2351 734 aliasque
2396 681 2506 732 pro-

480 743 685 822 vincias‘
719 759 950 824 pecuniae
984 738 1131 820 causa
1175 740 1671 817 continuisvexass'e
1707 755 2087 812 incursionibus-
2163 749 2501 822 Caffinense5‚

479 863 537 898 ut
561 852 612 897 in
647 865 827 898 eorum
857 849 1126 897 Chronicis
1165 847 1228 894 ad
1265 861 1378 894 ann.
1419 836 1538 909 938.
1580 842 1829 908 refertur,
1866 850 1921 909 a)
1964 848 2214 896 dederunt
2251 848 2508 918 Hungaris

478 954 570 1005 pro
607 941 972 1004 redemptione
1025 939 1371 1005 captivorum:
1449 935 1685 1003 „pocula
1745 950 1984 1001 argentea
2039 939 2133 986 tria
2173 935 2331 1001 penso
2363 935 2498 986 librae

478 1051 515 1092 ς,
553 1033 727 1078 uniuS.
805 1034 1031 1079 Tarenos
1068 1032 1124 1077 X.
1163 1028 1220 1091 b)
1261 1027 1514 1077 Planetam
1554 1030 1893 1078 diarrodinam
1934 1030 1995 1076 de
2028 1027 2296 1092 Byzanteis
2331 1030 2415 1101 X.¹·
2456 1031 2507 1090 c)

484 1155 520 1183 „
561 1119 710 1170 aliam
771 1099 1037 1187 planetam
1078 1135 1194 1168 cum
1242 1118 1362 1168 listis
1419 1121 1669 1184 argenteis
1724 1121 1787 1169 de
1840 1120 2110 1185 Byzenteis
2168 1116 2296 1166 XVI.
2357 1127 2511 1169 cet.“

480 1214 637 1277 Hugo
667 1245 683 1272 ‚
719 1214 829 1259 Rex
868 1209 1026 1260 Italiae
1064 1204 1235 1270 datis-5
1275 1208 1396 1258 teste
1420 1211 1747 1276 'Luitprando
1782 1210 1840 1277 d)
1882 1197 2074 1259 decem*
2099 1226 2372 1260 numorum
2405 1228 2512 1263 mo—

482 1306 611 1366 diis,
655 1304 706 1351 &
744 1301 853 1352 aliis
895 1288 1073 1351 decem
1122 1302 1305 1350 modiis
1346 1304 1681 1366 Berengarius
1726 1302 1962 1368 persuasit
2012 1305 2180 1366 Toxi,
2242 1307 2507 1372 Hungaro-

482 1413 596 1452 rum
624 1397 794 1456 Duci,
832 1405 888 1441 ut
925 1391 1070 1441 Italia
1109 1393 1393 1442 excederet.
1469 1395 1739 1459 Byzantini
1784 1408 2003 1461 quoque
2058 1399 2254 1460 magnis
2292 1402 2510 1448 muneri-

482 1489 575 1536 bus
615 1500 938 1552 pacemffcum
979 1485 1235 1548 Hungaris
1276 1485 1329 1531 in
1374 1485 1788 1550 quinquennium
1837 1485 2248 1549 composuerunt.
2318 1491 2512 1540 Bohus-

481 1577 588 1627 laus
627 1575 868 1627 Balbinus
915 1587 1156 1641 praeterea
1195 1573 1365 1622 scribit
1394 1576 1456 1624 ad
1489 1591 1605 1624 ann.
1643 1591 1763 1639 953.
1805 1576 2110 1642 Hungaros‚
2153 1581 2381 1629 Moravis
2403 1581 2512 1646 jun-

413 1709 422 1720 .
485 1652 624 1731 filos,
666 1665 957 1734 Zdiarbenses
993 1666 1248 1714 Bohemiae
1286 1663 1521 1727 fodinas,
1563 1664 1614 1714 &
1641 1665 1732 1715 alia
1768 1667 2085 1717 metallorum
2124 1668 2237 1719 loca
2278 1670 2515 1736 occupass

485 1763 570 1823 se,
612 1763 891 1827 decemque
931 1756 1141 1826 amplius
1182 1759 1326 1806 annis
1366 1756 1638 1807 retinuisse.
1726 1794 1765 1822 „
1791 1763 2046 1824 Argenti,
2102 1764 2303 1829 inquit,
2340 1745 2502 1813 Bohe-

476 1854 608 1902 'mici
646 1851 779 1899 fama
815 1851 1019 1898 invitati
1057 1850 1292 1910 Moravi,
1335 1848 1384 1896 δε
1425 1851 1651 1898 Moravis
1685 1850 1848 1914 junCfi
1892 1852 2106 1912 Hunni,
2164 1855 2318 1903 tantis
2353 1858 2514 1919 agmi-

484 1945 632 1992 nibus
662 1943 716 1988 in
753 1940 1050 1988 Bohemiam
1078 1940 1137 1987 ab
1183 1954 1319 1987 anno
1362 1956 1486 2003 953.
1524 1943 1600 1987 ire
1638 1952 1938 2004 coeperunt,
1979 1954 2036 1988 ut
2071 1940 2331 1991 Boleslaus
2369 1947 2512 1993 Prin-

485 2034 853 2100 cepsfflnuperis
894 2029 1039 2079 bellis
1068 2033 1266 2079 attritus
1295 2047 1399 2080 non
1438 2030 1599 2095 posset
1640 2031 1902 2094 obsistere,
1942 2030 2144 2099 suisque
2183 2032 2231 2082 se
2269 2040 2509 2087 munitio·
2562 2059 2565 2061 ·

484 2127 633 2176 nibus
667 2123 940 2174 clauderet.
1013 2124 1170 2171 Brevi
1209 2120 1319 2188 post
1359 2121 1651 2171 Zdiarenses
1695 2124 1892 2187 argenti
1925 2120 2132 2173 fodinas
2172 2125 2332 2176 hostes
2361 2119 2509 2193 occu-

484 2234 703 2286 pavere,
744 2217 862 2263 dein
897 2215 959 2262 ad
994 2213 1302 2263 Czaslaviam
1351 2213 1548 2262 castello
1587 2216 1807 2278 quodam
1857 2214 2137 2279 exstru&o‚
2193 2222 2364 2269 omnia
2421 2227 2512 2287 per

488 2324 597 2358 eam
635 2306 875 2355 viciniam
921 2301 1236 2367 metallorum
1279 2301 1393 2353 loca
1419 2305 1690 2352 habuerint
1725 2307 1779 2352 in
1820 2305 2098 2370 potestate,
2136 2309 2378 2374 progreffi
2402 2317 2508 2362 tan*—

490 2401 605 2447 dem
643 2397 705 2445 ad
728 2397 935 2457 Pragam
966 2392 1201 2458 longius,
1226 2393 1367 2469 caeso
1406 2385 1747 2444 Bohemorum
1771 2398 1997 2465 exercitu
2018 2431 2035 2459 ‚
2072 2399 2327 2463 Feje‘rva‘r,
2367 2403 2504 2468 quafi

488 2494 667 2541 urbem
705 2486 864 2537 albam
905 2486 1074 2549 dicaS,
1114 2485 1458 2554 aedificarunt,
1507 2487 1675 2539 rursus
1714 2488 2005 2553 Zvikost'm,
2051 2490 2279 2544 Boleslai*
2319 2499 2468 2545 Duce
2492 2531 2511 2559 ,

2383 2589 2444 2636 in

552 2736 599 2799 a)
638 2739 776 2801 Apud
813 2737 1119 2786 Muratorium
1153 2737 1208 2783 Τ.
1246 2735 1327 2782 ΙΙΙ.
1362 2735 1523 2802 Script.
1560 2736 1659 2786 Ital.
1694 2757 1742 2803 p.
1781 2748 1890 2805 328.
1984 2805 1986 2807 ·

554 2811 601 2875 b)
643 2815 850 2862 Tarenus
884 2829 1069 2862 moneta
1103 2831 1237 2862 aurea
1272 2813 1556 2878 Apulorum,
1593 2821 1635 2864 &
1668 2817 1937 2866 Siculorum.
1972 2819 2075 2866 vid.
2109 2807 2345 2887 Ducarigii
2376 2823 2509 2872 Glos.

617 2892 698 2938 sar.
733 2894 826 2940 hoc
860 2890 1024 2940 vocab.

560 2970 602 3030 c)
640 2970 984 3029 Diarrodinam
1002 3006 1020 3028 ,
1052 2970 1101 3016 id
1137 2966 1224 3028 est,
1260 2971 1376 3018 rosei
1413 2967 1599 3018 coloris.
1637 2973 1928 3038 Byzanteus‚
1962 2975 2087 3023 idem
2126 2977 2203 3042 qui
2234 2964 2468 3042 Byzantius
2489 3016 2503 3040 ,

621 3044 695 3091 vel
730 3049 999 3112 Byzantinus
1035 3066 1214 3096 aureum

564 3121 612 3184 d)
651 3122 757 3170 Hist.
796 3124 896 3174 Lib.
934 3127 983 3173 V.
1021 3126 1134 3191 Cap.
1171 3133 1213 3180 8.
1253 3130 1295 3171 &
1331 3127 1443 3192 Cap.
1487 3142 1560 3191 15.
