2730 3756
202 378 405 468 inquit,
443 397 516 448 est
553 399 661 447 haec
686 404 889 446 moneta
917 430 933 458 ‚
974 410 1087 462 quae
1120 400 1297 445 anticae
1347 398 1466 446 BIA
1498 393 1744 446 inscribit
1814 396 2005 446 Ceoerae
2041 409 2226 446 notatae

200 489 319 543 solo
356 491 566 538 nomine
597 491 867 537 BIATEC.
918 486 1004 536 sub
1031 484 1217 552 Equite
1233 520 1251 547 ‚
1289 484 1431 535 nullo
1472 490 1635 553 pretio
1663 486 1806 549 sunt,
1844 502 1997 553 atque
2036 491 2088 535 in
2119 491 2223 535 Αιι-

200 568 371 643 striae
405 582 818 647 Hungariaeque
811 574 1033 646 Μιιίὶὶς.
1065 575 1155 624 vel
1208 573 1501 625 tenuiffimis
1554 579 1826 628 abundant.
1898 581 1981 627 De
2031 577 2222 638 wude,

200 663 532 734 narduinus,
583 674 854 736 Repertis,
889 665 1204 728 Mor-essius,
1233 671 1655 735 Havercampius
1700 672 1840 718 varie
1882 669 1946 716 de
2003 671 2067 717 iis
2087 667 2221 717 sen-

205 767 374 825 fiunt,
413 762 570 813 male».
564 755 773 834 mes.
843 762 1034 826 Neque
1064 756 1278 806 felicior
1298 761 1393 808 hac
1461 762 1517 808 in
1562 773 1701 826 parte
1747 758 2042 808 Pellerinius
2089 759 2218 824 opti-

204 874 313 906 mus
337 893 356 919 ‚
393 843 499 923 qni'
502 854 583 902 nd
619 853 811 901 veteris
850 850 1103 918 Hispaniae
1127 850 1385 916 Regulos,
1427 851 1479 900 ἃ.
1521 852 1780 918 Principes
1818 852 2039 898 animum
2085 850 2217 915 adje-

206 952 327 998 cit.
332 945 639 995 ἲΙόῚοιέῑίιιε-
635 970 657 1007 -,
696 947 787 1012 qui
828 958 1032 993 omnem
1067 945 1328 1010 antiquam
1365 943 1539 1010 patria:
1582 942 1677 991 suae
1724 943 1992 1008 pecuniam
2025 940 2216 1010 summo
2280 986 2282 988 ,

191 1038 364 1088 -studio
398 1035 643 1102 cossegst,
681 1035 959 1101 nitidisque
1007 1037 1378 1105 commentariis
1415 1033 1704 1100 illustravit,
1754 1034 1853 1082 hoc
1893 1047 2068 1097 genus
2110 1049 2216 1082 mo-

142 1177 145 1179 ,
202 1145 434 1179 netarum
466 1127 567 1184 alto
613 1129 795 1194 premit
833 1124 1059 1187 filenti0‚
1095 1140 1235 1192 parte
1285 1142 1496 1193 quoque
1528 1128 1708 1188 tertia,
1764 1128 1847 1174 cui
1895 1138 2064 1174 tamen
2109 1124 2214 1191 sup-

203 1223 452 1290 plementi
483 1220 601 1270 loco
642 1212 915 1285 hispanicas
945 1232 1123 1266 omnes
1170 1233 1199 1266 e
1236 1216 1494 1267 Pellerinii
1527 1233 1648 1283 gaza
1688 1218 1876 1267 intulit.
1942 1218 2109 1287 Unde*
2133 1228 2216 1282 pa-

198 1326 304 1375 tet,
345 1312 596 1378 ejusmodi
630 1325 804 1376 neque
844 1308 1090 1375 copiofius
1140 1323 1407 1357 occurrere
1452 1325 1540 1375 per
1579 1307 1869 1375 Hispaniam,
1921 1322 2091 1374 neque
2131 1321 2212 1373 pa-

199 1409 347 1456 triam
373 1403 515 1454 fuisse
553 1404 772 1452 habitam
795 1403 1067 1469 pecuniam
1098 1416 1127 1449 a
1149 1399 1355 1467 praefato
1390 1400 1634 1451 Aufiore.
1651 1406 1689 1434 ‘⁶

454 1498 598 1547 Idem
629 1493 839 1545 Αιιᾶοτ
875 1494 939 1542 de
960 1495 1149 1543 Numis
1187 1495 1384 1554 aureiS‚
1434 1509 1568 1560 quos
1609 1494 1694 1542 hic
1723 1497 1792 1543 N.
1834 1509 1881 1558 ς.
1929 1493 1982 1542 ὃ(
2038 1499 2087 1544 6.
2129 1494 2212 1543 de·

200 1588 515 1659 scribimus,
528 1600 706 1648 notat,
741 1587 835 1635 hos
878 1600 1087 1651 quoque
1123 1586 1184 1634 ad
1222 1587 1487 1635 Poeoniam
1527 1589 1918 1650 (Pannoniam)
1958 1586 2213 1648 Moefiam,

198 1679 285 1729 vel
315 1685 467 1729 uriam
498 1695 527 1728 e
564 1677 788 1730 finitimis
817 1678 1098 1743 provinciis
1139 1677 1407 1741 pertinere.
1478 1678 1595 1726 Huc
1642 1690 1882 1743 praeterea
1920 1675 2074 1724 refert
2116 1679 2213 1725 ori·

126 1838 136 1841 ἢ
200 1772 376 1836 ginem
416 1770 617 1820 illorum
670 1785 934 1818 aureorum
955 1803 973 1829 ,
1015 1781 1232 1834 quorum
1277 1766 1538 1832 oaoginta
1565 1769 1769 1818 circiter
1816 1768 1953 1817 librae
1999 1769 2215 1819 Austrin-

202 1878 274 1910 cae
312 1856 445 1909 anno
478 1862 595 1908 Chr.
632 1873 782 1922 1771.
812 1860 868 1906 in
892 1858 1139 1905 Boherriia
1181 1857 1321 1920 juxta
1361 1872 1550 1923 pagum
1590 1859 1807 1908 Podmocl
1848 1863 2068 1907 inventae
2109 1860 2215 1909 sue-

194 1951 253 2001 rb
273 1986 292 2013 ‚
329 1951 629 2018 propterea,
664 1947 806 2012 quod
843 1944 1077 2009 aureolus
1104 1948 1271 1995 BIA‘P
1310 1945 1607 2012 inscriptus,
1645 1950 1701 1996 in
1731 1951 1993 2000 Pannonia
2022 1963 2217 2015 erutus,

171 2030 612 2107 'MmotIienfibns
647 2037 1001 2104 anepigraphis
1053 2034 1216 2084 forma
1238 2070 1255 2097 ‚
1291 2038 1544 2102 pondere,
1589 2037 1754 2100 mole,
1792 2042 2003 2106 aurique
2031 2044 2217 2107 purita-

201 2128 255 2181 te
293 2129 401 2179 fere
441 2125 727 2178 examuffim
764 2126 1080 2193 respondeat.
1153 2129 1235 2174 De
1270 2125 1730 2176 Podmoclienfibus
1768 2131 1932 2178 aureis
1966 2133 2073 2195 agit
2100 2147 2213 2197 pro·

202 2222 363 2272 lixius
392 2217 652 2291 AdauQus
705 2215 865 2298 Voigt
927 2219 1107 2284 partim
1147 2218 1203 2265 in
1254 2216 1473 2284 Epistola
1521 2221 1811 2282 germanica
1850 2222 1922 2269 ad·
1962 2226 2216 2288 amicum,

207 2315 389 2379 partim
416 2314 624 2361 veroin
660 2308 994 2375 descriptione
1020 2320 1348 2357 monetarum
1383 2310 1640 2374 Boherniae
1678 2313 1744 2358 T.
1793 2313 1834 2359 1.
1882 2328 1931 2379 p.
1969 2320 2092 2378 235.
2128 2316 2217 2363 ubi

202 2401 491 2469 complures
546 2403 697 2449 etiam
745 2401 826 2447 aeri
880 2397 1066 2447 incisos
1128 2399 1360 2454 exhibct;
1429 2399 1513 2447 sed
1557 2402 1650 2466 qui
1694 2417 1722 2450 a
1771 2400 1949 2450 nostris
2001 2402 2216 2451 aureolis

120 2531 127 2535 -
199 2496 384 2543 ΒΙΑΤ.
411 2491 704 2559 ,.ἰῐιΓειίρῑί3,
742 2505 855 2538 mea
882 2491 1087 2558 quidem
1119 2491 1399 2555 opinione,
1453 2490 1666 2543 multum
1721 2491 2019 2557 discrepant.
2087 2491 2215 2541 Nul-

200 2584 261 2632 1ae
304 2587 362 2632 in
382 2585 475 2631 his
516 2581 672 2630 literae
693 2615 711 2643 ‚
750 2596 926 2630 omnes
966 2578 1324 2646 anepigraphi,
1363 2580 1547 2631 nullius
1590 2581 1764 2632 formae
1801 2582 2074 2648 regularis,
2114 2597 2212 2630 nec

202 2690 383 2724 omnes
420 2674 648 2738 ejusdem
676 2674 948 2739 ponderis,
986 2671 1114 2721 nihil
1135 2674 1205 2732 jin
1239 2683 1364 2738 typo
1396 2677 1554 2736 certi,
1614 2674 1697 2723 fied
1729 2691 1841 2742 quae
1879 2687 2078 2737 extant,
2116 2674 2212 2728 for-

202 2769 332 2835 tuita
357 2765 494 2831 quali
528 2763 723 2812 fusione
761 2762 1266 2830 prostare-videntur.
1339 2766 1456 2812 vid.-
1496 2765 1664 2836 Voigt.
1694 2766 2079 2831 -Beschreibung
2121 2769 2217 2814 der⁴

187 2855 528 2910 ,Boemischen
564 2859 794 2904 Miinzen
839 2859 901 2902 T.
934 2858 972 2902 Ι.
1011 2872 1058 2921 p.
1098 2871 1217 2919 237.
1293 2856 1628 2904 Quamobrem
1674 2857 2076 2906 Podmoclienses
2109 2872 2213 2922 ego

204 2948 442 3000 aureolos
484 2946 654 2995 malim
702 2949 765 2995 ad
811 2952 1010 2995 Numos
1029 2983 1045 3008 ,
1100 2963 1228 3012 quos
1269 2959 1459 2994 vocant
1511 2948 1709 2998 incusos
1756 2948 1972 3010 referre,
1996 2938 2072 2998 ³&
2116 2968 2210 3018 pro
2287 3001 2289 3003 ,
2344 2986 2347 2988 ,

205 3045 317 3094 auri
358 3035 683 3108 pondusculis
725 3039 935 3100 habere,
973 3037 1139 3106 qualia
1173 3041 1227 3088 in
1259 3039 1519 3102 Hungaria
1561 3042 1711 3091 etiam
1743 3039 1827 3091 sub
1852 3043 2074 3108 Regibus
2109 3028 2210 3109 pri-

2043 3149 2136 3184 mae
