2730 3756
576 270 643 342 '34
1361 258 1649 310 Ψ-

502 397 690 468 SIANl
729 419 1001 471 faciemus?
1047 435 1108 469 an
1156 433 1262 466 non
1306 418 1511 469 barbari
1539 419 1708 471 saltem
1741 426 2024 494 cujuspiam
2047 432 2100 480 in
2132 435 2290 485 Dacia
2330 438 2510 503 Reguli

500 510 600 559 hoc
646 528 832 562 nomen
867 511 1007 561 fuisse
1052 511 1388 581 arbitremur?
1454 528 1517 561 ne
1571 514 1699 572 istud
1750 518 1959 583 quidem
2006 523 2259 577 admisero.
2335 530 2509 579 Malim

502 600 647 669 culpa
696 605 883 653 barbari
925 589 1201 652 Monetarii
1245 619 1463 654 enatum
1500 605 1632 670 effe,
1682 611 1770 683 q‘ui
1823 606 2063 662 anticam
2091 610 2165 666 eit
2179 617 2347 671 6bvio
2386 617 2511 690 Imp:

502 695 746 743 Gordiani
776 679 1121 746 Numismate
1146 688 1436 762 mutuatu&
1485 702 1550 748 in
1557 699 1740 751 locum
1773 702 2064 772 epigraphes
2102 699 2509 766 IMPGORDTA-

495 782 573 832 NI
638 783 887 852 insculpsit
940 790 1659 853 lmSPONSIAN1‚nulla
1717 808 1852 844 certa
1911 801 2132 862 ratione,
2171 813 2349 852 verum
2379 809 2512 855 aber-

493 871 690 925 ratione
730 879 1021 942 dumtaxat,
1059 894 1117 929 ut
1149 898 1332 949 nempe
1371 885 1424 931 in
1466 870 1649 933 Numis
1679 882 1851 951 paullo
1894 903 2008 938 ante
2059 891 2313 959 descriptis
2351 887 2515 948 MLE-

494 970 709 1018 TARM.
750 971 803 1017 in
836 986 971 1033 uno,
1004 916 1062 1020 ²&
1110 975 1255 1022 FIVS
1296 977 1350 1022 in
1393 974 1582 1037 altero,
1636 992 1750 1025 cum
1777 979 2107 1029 incidendum
2147 981 2314 1054 fuisset
2346 988 2518 1034 MAR-
2540 985 2543 987 ’

502 1064 666 1110 ΤΕΜ.
710 1062 761 1110 &
810 1066 980 1112 PIVS.
1021 1066 1134 1114 vid.
1174 1059 1314 1132 plura
1355 1068 1571 1132 idgenus
1612 1066 1835 1140 errorum
1887 1072 2113 1140 exempla
2157 1064 2290 1140 apud
2330 1080 2515 1143 Scipio-

498 1170 618 1202 nem
647 1140 893 1203 Maffeum
940 1156 1074 1223 epist.
1118 1159 1271 1206 XXII.
1299 1149 1389 1210 ad
1408 1160 1609 1226 Apost.
1647 1163 1820 1223 Zeno,
1864 1163 1914 1212 δ(
1950 1165 2276 1215 Froelichium
2313 1170 2378 1218 de
2412 1173 2517 1224 Nu-

494 1248 591 1294 'mis
613 1243 1012 1296 Monetariorum
1046 1262 1280 1298 veterum
1339 1249 1485 1318 culpa
1521 1252 1712 1300 vitiosis
1761 1256 1879 1363 Cap.
1922 1271 1972 1306 2.
2016 1255 2100 1304 sub
2147 1256 2312 1307 finem.
2369 1292 2372 1295 -

871 1444 874 1447 i
1529 1407 1628 1454 XX.
1731 1452 1734 1454 ,
1940 1446 1943 1448 .
2430 1449 2433 1454 ,

622 1495 921 1550 Numismata
957 1492 1179 1550 barbara,
1218 1510 1333 1540 cum
1357 1403 1628 1558 aepffgraplae
1639 1498 1861 1571 ADNA.
1897 1500 1969 1546 vel
1999 1457 2402 1549 ADNAMATI.

661 1617 705 1652 Ι.
750 1599 911 1668 Caput
949 1602 1175 1667 juvenile
1211 1603 1434 1651 imberbe
1471 1604 1827 1654 diadematum.

753 1696 975 1742 ADNA.
1019 1698 1190 1761 Eques
1250 1710 1453 1743 currens
1494 1697 1544 1743 d.
1580 1695 1816 1823 jaculum.
1852 1697 2027 1749 AEreus
2066 1697 2214 1765 Musbi
2253 1697 2380 1766 Cas*

650 1800 710 1836 2.
753 1787 915 1850 Caput
958 1784 1103 1834 virile
1133 1787 1356 1834 imberbe
1382 1798 1699 1837 coronatum.
2491 1819 2497 1823 ·

594 1907 609 1916 .
650 1894 654 1899 -
706 1875 1149 1924 ADNAMATI.
1188 1879 1357 1942 Eques
1394 1886 1600 1927 currens
1622 1874 1744 1926 'cum
1771 1838 1955 1942 jaculo.
1992 1877 2121 1951 Arg.
2133 1881 2227 1930 1&
2256 1890 2411 1933 orm.
2432 1882 2515 1947 fi-

477 1966 628 2018 cundi
660 1964 846 2018 moduli.
887 1966 1080 2019 Ibidem.
1138 1965 1434 2033 Descriptus
1485 1969 1546 2016 ab
1595 1967 1790 2017 Eckhel
1828 1968 2007 2017 DoE‘cr.
2055 1972 2214 2019 Num.
2260 1970 2373 2020 Vol.
2421 1975 2505 2022 lv

489 2077 540 2126 p.
582 2075 697 2125 170.
1729 2059 1732 2061 ’

666 2169 712 2216 3.
754 2155 916 2218 Caput
939 2152 1084 2202 virile
1121 2152 1345 2200 imberbe
1379 2150 1481 2198 lato
1514 2151 1798 2200 diademate
1838 2150 2075 2201 cinEhim'.
2114 2193 2117 2195 .

204 2281 256 2330 T
281 2283 306 2328 h
348 2285 450 2330 XX
738 2233 949 2292 ADNA
985 2272 1003 2280 -
1028 2272 1046 2280 -
1066 2247 1158 2290 TI.
1196 2243 1374 2292 AEreus
1407 2241 1470 2291 IL
1512 2241 1664 2309 Musti
1718 2243 1779 2293 R.
1842 2243 2038 2293 Univer.
2086 2240 2198 2309 Pest.
2250 2245 2380 2293 vide
2421 2246 2506 2310 hic

238 2300 289 2415 Z
308 2318 410 2432 'fine
445 2318 459 2330 ⁰
483 2334 791 2385 delineatum
830 2351 958 2383 cum·
981 2337 1195 2399 integra·
1222 2332 1580 2399 inscriptione,
1632 2336 1707 2381 uti
1753 2333 1826 2382 est
1870 2336 1922 2382 in
1965 2332 2219 2384 Pellerinii
2257 2333 2411 2402 suppl.
2453 2339 2503 2385 1.-

415 2406 424 2417 .
485 2431 550 2479 ad
588 2444 701 2495 pag.
722 2425 724 2428 ’
746 2444 829 2492 3ς.
871 2426 1066 2475 Similes
1096 2428 1173 2474 his
1217 2429 1417 2475 Numos
1445 2439 1742 2491 mgentem,
1779 2425 1834 2473 &
1863 2429 2053 2487 saereoss
2078 2427 2235 2475 edidit
2269 2431 2500 2477 PELLE-

488 2523 619 2568 RIN‘
647 2523 701 2568 in
758 2518 840 2568 sua
887 2518 1093 2585 Sylloge
1156 2518 1387 2576 veterum
1435 2520 1839 2573 Numismatum3
1907 2513 2087 2585 nempe
2143 2518 2195 2569 T.
2237 2517 2274 2568 I.
2314 2519 2509 2570 Recueil

495 2614 572 2665 des
602 2613 842 2665 Medailles
880 2613 933 2664 de
969 2613 1098 2666 villes
1144 2609 1257 2662 Tab.
1295 2610 1361 2662 II.
1396 2609 1444 2657 &
1474 2613 1528 2658 in
1578 2597 1939 2676 Supplemento
1986 2608 2104 2660 Tab.
2131 2607 2171 2658 J.
2219 2610 2287 2658 N.
2328 2625 2375 2674 3.
2418 2612 2526 2661 ubi·

481 2707 681 2754 Numus
725 2708 809 2754 aeri
842 2705 1031 2754 incisus
1061 2721 1087 2753 a
1118 2703 1282 2753 nostro
1343 2719 1447 2753 non
1477 2701 1768 2751 differtsalia
1791 2718 1905 2763 «τε,
1942 2715 2118 2767 quam·
2144 2702 2285 2766 quod
2321 2702 2374 2749 in
2406 2701 2495 2752 illo

481 2801 679 2863 integra
725 2798 779 2847 fit
819 2799 1091 2864 epigraphe
1111 2832 1126 2858 ‚
1177 2798 1231 2844 in
1282 2796 1449 2845 nostro
1498 2810 1664 2844 autem
1710 2796 1836 2842 binae
1874 2793 2028 2840 literae
2062 2796 2121 2841 M
2161 2796 2213 2841 A
2246 2796 2381 2843 intra
2419 2811 2497 2845 ca-

482 2904 605 2956 put,
651 2888 702 2937 &
746 2890 901 2956 pedes
935 2890 1055 2955 equi
1095 2904 1197 2936 non
1239 2887 1449 2954 amplius
1497 2899 1785 2952 appareant.
1859 2884 2126 2955 qulerin‘ius
2189 2886 2495 2951 Epigraphes

481 2984 689 3031 initium
720 2997 747 3030 a
774 2980 931 3030 literis
965 2982 1074 3028 MA
1096 3015 1113 3042 ,
1152 2995 1263 3049 quae
1306 2982 1360 3028 in
1416 2983 1590 3041 Numo
1623 2976 1870 3043 colligatae
1914 2975 2061 3037 sunt,
2105 2975 2302 3025 sumens
2349 2976 2491 3042 legit:

486 3075 610 3124 MA.
641 3076 729 3123 TI.
769 3075 990 3124 ADNA.
1028 3070 1081 3120 ὅ(
1125 3074 1475 3139 interpretatus
1515 3070 1585 3122 est
1615 3070 1811 3122 Marcus
1867 3068 2081 3122 Tiberius
2121 3066 2296 3134 Adna,
2346 3083 2497 3132 putas

2235 3172 2416 3225 vitque
